@misc{oosten,
  author = {Oosten, J. v.},
  title = {Basic category theory},
  url = {http://www.staff.science.uu.nl/~ooste110/syllabi/catsmoeder.pdf},
  year = {2002}}

@misc{spivak1,
  author = {Spivak, D.},
  title = {Categorical databases},
  year = {2012},
  note = {Vortragsfolien},
  url = {http://math.mit.edu/~dspivak/informatics/talks/CTDBIntroductoryTalk}}

@article{spivak2,
  author = {Spivak, D.},
  title = {Functorial data migration},
  journal = {Inform. and Comput.},
  volume = {217},
  year = {2012},
  pages = {31--51},
  url = {http://arxiv.org/abs/1009.1166}}

@unpublished{spivak3,
  author = {Spivak, D.},
  title = {Simplicial databases},
  year = {2009},
  url = {http://arxiv.org/abs/0904.2012}}
