@misc{nw:algebra,
  author = {Nieper-Wi√ükirchen, M.},
  title = {Galoissche Theorie},
  url = {http://alg.math.uni-augsburg.de/lehre/vorlesungsskripte/einfuhrung-in-die-algebra/at_download/file},
  year = {2013}}

@book{troelstra:dalen,
  author = {Troelstra, A. S. and van Dalen, D.},
  title = {Constructivism in Mathematics: An Introduction},
  year = {1988},
  publisher = {North-Holland Publishing}}

@incollection{dalen:intlogic,
  author = {van Dalen, D.},
  title = {Intuitionistic logic},
  year = {2011},
  pages = {224--257},
  booktitle = {The Blackwell Guide to Philosophical Logic},
  editor = {Goble, L.},
  publisher = {Blackwell Publishers}}

@book{mines:richman:ruitenburg,
  title = {A Course in Constructive Algebra},
  author = {Mines, R. and Richman, F. and Ruitenburg, W.},
  series = {Universitext},
  year = {1988},
  publisher = {Springer-Verlag}}

@misc{bauer:blog,
  author = {Bauer, A.},
  title = {Mathematics and computation (blog)},
  url = {http://math.andrej.com/category/constructive-math/}}

@incollection{coquand:classical,
  author = {Coquand, T.},
  title = {Computational content of classical logic},
  year = {1997},
  booktitle = {Semantics and Logics of Computation},
  pages = {33--78},
  editor = {Pitts, A. and Dybjer, P.},
  publisher = {Cambridge University Press}}
