@misc{oosten,
  author = {Oosten, J. v.},
  title = {Basic category theory},
  url = {http://www.staff.science.uu.nl/~ooste110/syllabi/catsmoeder.pdf},
  year = {2002}}

@misc{spivak1,
  author = {Spivak, D.},
  title = {Categorical databases},
  year = {2012},
  note = {Vortragsfolien},
  url = {http://math.mit.edu/~dspivak/informatics/talks/CTDBIntroductoryTalk}}

@article{spivak2,
  author = {Spivak, D.},
  title = {Functorial data migration},
  journal = {Inform. and Comput.},
  volume = {217},
  year = {2012},
  pages = {31--51},
  url = {http://arxiv.org/abs/1009.1166}}

@unpublished{spivak3,
  author = {Spivak, D.},
  title = {Simplicial databases},
  year = {2009},
  url = {http://arxiv.org/abs/0904.2012}}

@inbook{lectures-on-n-categories,
  author = {Baez, J. C. and Shulman, M.},
  title = {Lectures on $n$-categories and cohomology},
  pages = {1--68},
  year = {2010},
  publisher = {Springer-Verlag},
  booktitle = {Towards Higher Categories},
  editor = {Baez, J. C. and May, J. P.},
  series = {IMA Vol. Math. Appl.},
  volume = {152},
  url = {http://math.ucr.edu/home/baez/cohomology.pdf}}

@misc{ncatlab:stuff,
  author = {{Die nLab-Beitragenden}},
  title = {stuff, structure, property},
  year = {2012},
  url = {http://ncatlab.org/nlab/show/stuff,+structure,+property}}

@misc{smith,
  author = {Smith, Paul},
  title = {What is an intuitive view of adjoints?},
  note = {Antwort auf MathOverflow},
  url = {http://mathoverflow.net/questions/6551/what-is-an-intuitive-view-of-adjoints-version-1-category-theory/51659#51659}}

@misc{gaillard,
  author = {Gaillard, Pierre-Yves},
  title = {Right adjoints preserve limits},
  note = {Antwort auf Mathematics Stack Exchange},
  url = {http://math.stackexchange.com/a/101040/61604}}

@misc{lin,
  author = {Lin, Zhen},
  title = {Right adjoints preserve limits},
  note = {Antwort auf Mathematics Stack Exchange},
  url = {http://math.stackexchange.com/a/101012/61604}}
